@article{sommerville2011software,
  title={Software engineering 9th Edition},
  author={Sommerville, Ian},
  journal={ISBN-10},
  volume={137035152},
  year={2011}
}


@ONLINE{WCAG,
author = {W3C},
title = {Diretrizes de Acessibilidade para Conteúdo Web (WCAG) 2.1 },
month = {Setembro},
year = {2022},
url = {https://www.w3c.br/traducoes/wcag/wcag21-pt-BR/}
}

@ONLINE{W3C,
author = {W3C},
title = {W3C - World Wide Web Consortium},
month = {Setembro},
year = {2022},
url = {https://www.w3.org/}
}

@ONLINE{HTML,
author = {MDN contributors},
title = {HTML: Linguagem de Marcação de Hipertexto},
month = {Setembro},
year = {2022},
url = {https://developer.mozilla.org/pt-BR/docs/Web/HTML}
}


@ONLINE{WAI-ARIA,
author = {W3C contributors},
title = {Accessible Rich Internet Applications (WAI-ARIA) 1.2},
month = {Setembro},
year = {2022},
url = {https://www.w3.org/TR/wai-aria-1.2/}
}


@ONLINE{CSS,
author = {MDN contributors},
title = {CSS - Folhas de Estilo em Cascata},
month = {Setembro},
year = {2022},
url = {https://developer.mozilla.org/pt-BR/docs/Web/CSS}
}

@ONLINE{D3,
author = {Bostock, Mike},
title = {D3.js - Data-Driven Documents},
month = {Setembro},
year = {2022},
url = {https://d3js.org/}
}

@ONLINE{DOM,
author = {MDN contributors},
title = {Document Object Model (DOM)},
month = {Setembro},
year = {2022},
url = {https://developer.mozilla.org/pt-BR/docs/Web/API/Document_Object_Model/Introduction}
}

@ONLINE{REACT,
author = {Meta Platforms, Inc},
title = {React -
Uma biblioteca JavaScript para criar interfaces de usuário},
month = {Setembro},
year = {2022},
url = {https://pt-br.reactjs.org/}
}

@ONLINE{STYLE,
author = {Junior, Apparicio},
title = {Styleguide o jeitinho fácil},
month = {Setembro},
year = {2022},
url = {https://medium.com/chocoladesign/styleguide-o-jeitinho-f%C3%A1cil-7097552140/}
}
